%% This BibTeX bibliography file was created using BibDesk.
%% http://bibdesk.sourceforge.net/


%% Created for Jiahao Chen at 2014-07-21 16:46:13 -0400 


%% Saved with string encoding Unicode (UTF-8) 



@url{Cairo.jl,
	Author = {Tim Holy and Keno Fischer and Jeff Bezanson and others},
	Date-Added = {2014-07-21 20:39:35 +0000},
	Date-Modified = {2014-07-21 20:40:05 +0000},
	Url = {https://github.com/JuliaLang/Cairo.jl}}

@url{Color.jl,
	Author = {Daniel C Jones and Glenn Sweeney and others},
	Date-Added = {2014-07-21 20:38:07 +0000},
	Date-Modified = {2014-07-21 20:39:09 +0000},
	Url = {https://github.com/JuliaLang/Color.jl}}

@url{cairographics,
	Date-Added = {2014-07-21 20:37:09 +0000},
	Date-Modified = {2014-07-21 20:37:18 +0000},
	Url = {http://cairographics.org}}
